% Use this file for citations not found in the ACL Anthology (contained in "anthology.bib").

@article{howson2017upper,
  title={Upper sorbian},
  author={Howson, Phil},
  journal={Journal of the International Phonetic Association},
  volume={47},
  number={3},
  pages={359--367},
  year={2017},
  publisher={Cambridge University Press}
}

@inproceedings{sennrich-etal-2016-improving,
    title = "Improving Neural Machine Translation Models with Monolingual Data",
    author = "Sennrich, Rico  and
      Haddow, Barry  and
      Birch, Alexandra",
    booktitle = "Proceedings of the 54th Annual Meeting of the Association for Computational Linguistics (Volume 1: Long Papers)",
    month = aug,
    year = "2016",
    address = "Berlin, Germany",
    publisher = "Association for Computational Linguistics",
    url = "https://aclanthology.org/P16-1009",
    doi = "10.18653/v1/P16-1009",
    pages = "86--96",
}

@inproceedings{fadaee-monz-2018-back,
    title = "Back-Translation Sampling by Targeting Difficult Words in Neural Machine Translation",
    author = "Fadaee, Marzieh  and
      Monz, Christof",
    booktitle = "Proceedings of the 2018 Conference on Empirical Methods in Natural Language Processing",
    month = oct # "-" # nov,
    year = "2018",
    address = "Brussels, Belgium",
    publisher = "Association for Computational Linguistics",
    url = "https://aclanthology.org/D18-1040",
    doi = "10.18653/v1/D18-1040",
    pages = "436--446",
}

@inproceedings{hoang-etal-2018-iterative,
    title = "Iterative Back-Translation for Neural Machine Translation",
    author = "Hoang, Vu Cong Duy  and
      Koehn, Philipp  and
      Haffari, Gholamreza  and
      Cohn, Trevor",
    booktitle = "Proceedings of the 2nd Workshop on Neural Machine Translation and Generation",
    month = jul,
    year = "2018",
    address = "Melbourne, Australia",
    publisher = "Association for Computational Linguistics",
    url = "https://aclanthology.org/W18-2703",
    doi = "10.18653/v1/W18-2703",
    pages = "18--24",
}